
@online{debian_wiki_secureapt_nodate,
  title   = {{SecureApt}},
  url     = {https://wiki.debian.org/SecureApt},
  author  = {{Debian Wiki}},
  urldate = {2023-04-21},
  file    = {SecureApt - Debian Wiki:/home/kevin/Zotero/storage/6DN5PUPR/SecureApt.html:text/html}
}
